<record><leader>00000cas a2200000 a 4500</leader><controlfield tag="001">8098994</controlfield><controlfield tag="008">820127d19811986hiuwr ne      0    0eng d</controlfield><datafield ind1=" " ind2=" " tag="010"><subfield code="a">sn 84045364 </subfield></datafield><datafield ind1=" " ind2=" " tag="040"><subfield code="a">HUH</subfield><subfield code="b">eng</subfield><subfield code="c">HUH</subfield><subfield code="d">HWN</subfield><subfield code="d">OCL</subfield><subfield code="d">OCLCQ</subfield><subfield code="d">OCLCF</subfield><subfield code="d">OCLCO</subfield></datafield><datafield ind1="1" ind2=" " tag="029"><subfield code="a">AU@</subfield><subfield code="b">000025831873</subfield></datafield><datafield ind1=" " ind2=" " tag="037"><subfield code="b">Sun Press, 46-016 Alaloa St., Kaneohe, HI 96744</subfield></datafield><datafield ind1=" " ind2=" " tag="042"><subfield code="a">msc</subfield></datafield><datafield ind1=" " ind2=" " tag="043"><subfield code="a">n-us-hi</subfield></datafield><datafield ind1=" " ind2=" " tag="090"><subfield code="a">AN2</subfield><subfield code="b">.P42</subfield></datafield><datafield ind1="0" ind2="0" tag="245"><subfield code="a">Pearl City/Aiea sun press.</subfield></datafield><datafield ind1="3" ind2=" " tag="246"><subfield code="a">Pearl City Aiea sun press</subfield></datafield><datafield ind1="3" ind2="0" tag="246"><subfield code="a">Aiea sun press</subfield></datafield><datafield ind1=" " ind2=" " tag="260"><subfield code="a">Kaneohe, HI :</subfield><subfield code="b">Sun Press,</subfield><subfield code="c">1981-1986.</subfield></datafield><datafield ind1=" " ind2=" " tag="300"><subfield code="a">6 v. :</subfield><subfield code="b">ill. ;</subfield><subfield code="c">57 cm.</subfield></datafield><datafield ind1=" " ind2=" " tag="310"><subfield code="a">Weekly</subfield></datafield><datafield ind1="0" ind2=" " tag="362"><subfield code="a">Vol. 22, no. 15 (Sept. 2, 1981)-v. 27, no. 2 (June 5-11, 1986).</subfield></datafield><datafield ind1=" " ind2=" " tag="525"><subfield code="a">Supplements accompany some issues.</subfield></datafield><datafield ind1=" " ind2="0" tag="651"><subfield code="a">Pearl City (Hawaii)</subfield><subfield code="v">Newspapers.</subfield></datafield><datafield ind1=" " ind2="0" tag="651"><subfield code="a">Aiea (Hawaii)</subfield><subfield code="v">Newspapers.</subfield></datafield><datafield ind1=" " ind2="7" tag="655"><subfield code="a">Newspapers.</subfield><subfield code="2">fast</subfield><subfield code="0">(OCoLC)fst01423814</subfield></datafield><datafield ind1=" " ind2="7" tag="651"><subfield code="a">Hawaii</subfield><subfield code="z">Aiea.</subfield><subfield code="2">fast</subfield><subfield code="0">(OCoLC)fst01206142</subfield></datafield><datafield ind1=" " ind2="7" tag="651"><subfield code="a">Hawaii</subfield><subfield code="z">Pearl City.</subfield><subfield code="2">fast</subfield><subfield code="0">(OCoLC)fst01215191</subfield></datafield><datafield ind1=" " ind2=" " tag="752"><subfield code="a">United States</subfield><subfield code="b">Hawaii</subfield><subfield code="c">Honolulu</subfield><subfield code="d">Kaneohe.</subfield></datafield><datafield ind1="0" ind2="0" tag="780"><subfield code="t">Leeward sun press (Kaneohe, Hawaii : 1972)</subfield><subfield code="w">(DLC)sn 84045362</subfield><subfield code="w">(OCoLC)8104899</subfield></datafield><datafield ind1="0" ind2="0" tag="785"><subfield code="t">Leeward sun press (Kaneohe, Hawaii : 1986)</subfield><subfield code="w">(DLC)sn 85047307</subfield><subfield code="w">(OCoLC)14207159</subfield></datafield></record>